<?xml version="1.0" encoding="UTF-8"?><collection xmlns="http://www.loc.gov/MARC21/slim"><record><leader>00575nam--2200205-u-4500</leader><controlfield tag="001">000050527</controlfield><controlfield tag="002">20161230</controlfield><controlfield tag="003">1290</controlfield><controlfield tag="005">20161230201048</controlfield><controlfield tag="008">070910s1000------------r-----000-0-eng-d</controlfield><datafield ind1=" " ind2=" " tag="040"><subfield code="a">IFIN - HH</subfield></datafield><datafield ind1=" " ind2=" " tag="041"><subfield code="a">rus</subfield></datafield><datafield ind1="1" ind2=" " tag="100"><subfield code="a">Pontryagin,L.S</subfield></datafield><datafield ind1="1" ind2="0" tag="245"><subfield code="a">Gladkie Mnogoobraziya i ikh Primeneniya v Teorii Gomotopii</subfield></datafield><datafield ind1=" " ind2=" " tag="260"><subfield code="a">Moskva</subfield><subfield code="b">Izdatelstvo Akademii Nauk SSSR</subfield><subfield code="c">1955</subfield></datafield><datafield ind1=" " ind2=" " tag="300"><subfield code="a">137 p</subfield></datafield><datafield ind1=" " ind2=" " tag="490"><subfield code="a">Trudy Matematicheskogo Instituta Imeni V.A.Steklova</subfield><subfield code="v">Xlv</subfield></datafield><datafield ind1=" " ind2="4" tag="650"><subfield code="a">Osnashchennye Mnogoobraziya</subfield></datafield><datafield ind1=" " ind2=" " tag="852"><subfield code="c">51</subfield></datafield><datafield ind1=" " ind2=" " tag="CAT"><subfield code="a">Sys</subfield><subfield code="c">20070910</subfield><subfield code="h">125539</subfield></datafield></record></collection>